11111111111111111111111111111111111111111111111111111111111111111111111111111111111111111111111111111111111111111111111111111111111111111111111111111111111111111111111
5555555555555555555555555555555555555555
22222222222222222222222222222222222222222222222222222222222222222222222222222222222222222222222222222222222222222222222222
333333333333333333333333333333333333333333333333333333333333333333333333333333333333333333333333333
41414141414141414141414141414141414141414144141414144141
55555555555555555555555555
4242424242424242424242424242424242442424
4343434343434343434343434343434343434343434343434343434343434343
5555555555555555555555555555555555555555555555555555
